<record><leader>00000cas a2200000 a 4500</leader><controlfield tag="001">10251307</controlfield><controlfield tag="008">831227d18401841riuwr ne      0    0eng c</controlfield><datafield ind1=" " ind2=" " tag="010"><subfield code="a">sn 83021582 </subfield></datafield><datafield ind1=" " ind2=" " tag="040"><subfield code="a">NPX</subfield><subfield code="b">eng</subfield><subfield code="c">NPX</subfield><subfield code="d">DLC</subfield><subfield code="d">RHN</subfield><subfield code="d">OCL</subfield><subfield code="d">KRTAS</subfield><subfield code="d">CUI</subfield><subfield code="d">OCLCQ</subfield><subfield code="d">OCLCF</subfield></datafield><datafield ind1="1" ind2=" " tag="029"><subfield code="a">AU@</subfield><subfield code="b">000020124394</subfield></datafield><datafield ind1=" " ind2=" " tag="042"><subfield code="a">pcc</subfield></datafield><datafield ind1=" " ind2=" " tag="043"><subfield code="a">n-us-ri</subfield></datafield><datafield ind1="0" ind2="0" tag="050"><subfield code="a">Newspaper 9654-X</subfield></datafield><datafield ind1=" " ind2="4" tag="050"><subfield code="a">AN</subfield></datafield><datafield ind1="0" ind2=" " tag="130"><subfield code="a">Woonsocket patriot (Woonsocket, R.I. : 1840)</subfield></datafield><datafield ind1="1" ind2="4" tag="245"><subfield code="a">The Woonsocket patriot.</subfield></datafield><datafield ind1=" " ind2=" " tag="260"><subfield code="a">Woonsocket, R.I. :</subfield><subfield code="b">W.N. Sherman,</subfield><subfield code="c">1840-1841.</subfield></datafield><datafield ind1=" " ind2=" " tag="300"><subfield code="a">v.</subfield></datafield><datafield ind1=" " ind2=" " tag="310"><subfield code="a">Weekly</subfield></datafield><datafield ind1="0" ind2=" " tag="362"><subfield code="a">Vol. 7, no. 20 (Feb. 7, 1840)-v. 8, no. 35 (May 21, 1841) = whole no. 332-whole no. 399.</subfield></datafield><datafield ind1=" " ind2=" " tag="530"><subfield code="a">Also issued on microfilm from Bell &amp; Howell, Micro Photo Div.</subfield></datafield><datafield ind1=" " ind2="0" tag="651"><subfield code="a">Woonsocket (R.I.)</subfield><subfield code="v">Newspapers.</subfield></datafield><datafield ind1=" " ind2="0" tag="651"><subfield code="a">Providence County (R.I.)</subfield><subfield code="v">Newspapers.</subfield></datafield><datafield ind1=" " ind2="7" tag="655"><subfield code="a">Newspapers.</subfield><subfield code="2">fast</subfield><subfield code="0">(OCoLC)fst01423814</subfield></datafield><datafield ind1=" " ind2="7" tag="651"><subfield code="a">Rhode Island</subfield><subfield code="z">Providence County.</subfield><subfield code="2">fast</subfield><subfield code="0">(OCoLC)fst01211868</subfield></datafield><datafield ind1=" " ind2="7" tag="651"><subfield code="a">Rhode Island</subfield><subfield code="z">Woonsocket.</subfield><subfield code="2">fast</subfield><subfield code="0">(OCoLC)fst01210496</subfield></datafield><datafield ind1=" " ind2=" " tag="752"><subfield code="a">United States</subfield><subfield code="b">Rhode Island</subfield><subfield code="c">Providence</subfield><subfield code="d">Woonsocket.</subfield></datafield><datafield ind1="0" ind2="0" tag="780"><subfield code="t">Woonsocket weekly patriot (Woonsocket, R.I. : 1837)</subfield><subfield code="w">(DLC)sn 83021581</subfield><subfield code="w">(OCoLC)10251284</subfield></datafield><datafield ind1="0" ind2="0" tag="785"><subfield code="t">Woonsocket weekly patriot (Woonsocket, R.I. : 1841)</subfield><subfield code="w">(DLC)sn 83021583</subfield><subfield code="w">(OCoLC)10251337</subfield></datafield><datafield ind1=" " ind2=" " tag="938"><subfield code="a">Kirtas Technologies, Inc.</subfield><subfield code="b">KRTS</subfield><subfield code="n">737988</subfield></datafield></record>